<record><leader>00000cas a22000007a 4500</leader><controlfield tag="001">31198009</controlfield><controlfield tag="008">940929d19281930azuwr ne      0    0eng d</controlfield><datafield ind1=" " ind2=" " tag="010"><subfield code="a">sn 94050527 </subfield></datafield><datafield ind1=" " ind2=" " tag="040"><subfield code="a">ANN</subfield><subfield code="b">eng</subfield><subfield code="c">ANN</subfield><subfield code="d">OCLCQ</subfield><subfield code="d">OCLCF</subfield><subfield code="d">OCLCO</subfield></datafield><datafield ind1="1" ind2=" " tag="029"><subfield code="a">AU@</subfield><subfield code="b">000011305442</subfield></datafield><datafield ind1=" " ind2=" " tag="042"><subfield code="a">msc</subfield></datafield><datafield ind1=" " ind2=" " tag="043"><subfield code="a">n-us-az</subfield></datafield><datafield ind1="0" ind2="4" tag="245"><subfield code="a">The San Simon Valley oil news.</subfield></datafield><datafield ind1=" " ind2=" " tag="260"><subfield code="a">Bowie, Cochise County, Ariz. :</subfield><subfield code="b">W.E. Rood,</subfield><subfield code="c">1928-1930.</subfield></datafield><datafield ind1=" " ind2=" " tag="300"><subfield code="a">v. :</subfield><subfield code="b">ill.</subfield></datafield><datafield ind1=" " ind2=" " tag="310"><subfield code="a">Weekly</subfield></datafield><datafield ind1="0" ind2=" " tag="362"><subfield code="a">Vol. 15, no. 21 (Mar. 2, 1928)-v. 18, no. 1 (Sept. 12, 1930).</subfield></datafield><datafield ind1=" " ind2="0" tag="651"><subfield code="a">Cochise County (Ariz.)</subfield><subfield code="v">Newspapers.</subfield></datafield><datafield ind1=" " ind2="4" tag="651"><subfield code="a">Bowie (Ariz.)</subfield><subfield code="v">Newspapers.</subfield></datafield><datafield ind1=" " ind2="7" tag="655"><subfield code="a">Newspapers.</subfield><subfield code="2">fast</subfield><subfield code="0">(OCoLC)fst01423814</subfield></datafield><datafield ind1=" " ind2="7" tag="651"><subfield code="a">Arizona</subfield><subfield code="z">Cochise County.</subfield><subfield code="2">fast</subfield><subfield code="0">(OCoLC)fst01207405</subfield></datafield><datafield ind1=" " ind2=" " tag="752"><subfield code="a">United States</subfield><subfield code="b">Arizona</subfield><subfield code="c">Cochise</subfield><subfield code="d">Bowie.</subfield></datafield><datafield ind1="0" ind2="0" tag="780"><subfield code="t">San Simon Valley news</subfield><subfield code="w">(DLC)sn 94050526</subfield></datafield><datafield ind1="0" ind2="0" tag="785"><subfield code="t">San Simon Valley tribune</subfield><subfield code="w">(DLC)sn 94050528</subfield></datafield></record>